
@Manual{ISECOM2010,
  title = 	 {Open-Source Security Testing Methodology Manual v2.2},
  key = 	 {OSSTMM},
  author = 	 {Pete Herzog},
  organization = {Institute for Security and Open Methodologies},
  year = 	 {2006},
}
